
@Book{PeterFrit,
  author =	 {Peter Fritzson},
  title = 	 {Principles of Object-Oriented Modelling and Simulation with Modelica 2.1},
  publisher = 	 {Wiley Interscience},
  year = 	 2006,
}

@TechReport{Biegler,
  author = 	 {Lorenz T. Biegler},
  title = 	 {Simultaneous modular simulation and optimization},
  institution =  {Carnegie Institute of Technology},
  year = 	 1983,
  number =	 8208,
  address =	 {Dept. of Chemical Engineering},
}

@TechReport{SM,
  author =   {Endre Rev},
  title =    {Process modelling and simulation},
  institution =  {Budapest University of Technology and Economics},
  year =   2013,
  address =  {Dept. of Chemical Engineering},
}

@TechReport{DWSIM,
  author = 	 {Daniel Medeiros},
  title = 	 {Dwsim technical document},
  year = 	 2015,
}

@Article{SRK,
  author = 	 { Soave G},
  title = 	 {Equilibrium constants from a modified redlich-kwong equation of state}, 
  journal = 	{Chemical Engineering Science},
  year = 	 1972,
  volume =       27,
  number =       6,
  pages =        {1197-1203}
}

@Article{PR,
  author =   {Robinson DB Peng DY},
  title =    {A new two-constant equation of state}, 
  journal =   {Industrial and Engineering Chemistry Fundamentals},
  year =   1976,
  volume =       15,
  number =       1,
  pages =        {59-64}
}

@Article{Az,
  author =   {Horsley, L.H.},
  title =    {Azeotropic Data, III}, 
  journal =   {American Chemical Society},
  year =   1973,
  pages =        {1-1}
}

@Article{NRTL,
  author =   {Prausnitz JM Renon H},
  title =    {Local compositions in thermodynamic excess functions
for liquid mixtures}, 
  journal =   {AICHE Journal},
  year =   1968,
  volume =       14,
  number =       135,
  pages =        {135-144}
}

@TechReport{PHD,
  author =   {Mordechai Shacham},
  title =    {Semi batch steam distillation of a binary organic mixture.
Technical report},
  year =   2009,
}

@misc{GP,
howpublished = "\url{http://www.psenterprise.com/gproms/physprops/index.html}"}

@misc{ACM,
howpublished = "\url{http://www.aspentech.com/email/email_archive/acm_webinar-final.pdf}"}

@TechReport{socket,
  author =   {David M. Beazley},
  title =    {Python Network Programming},
  year =   2010,
}

@misc{api,
howpublished = "\url{http://www.tutorialspoint.com/python/python_classes_objects.htm}"}

@misc{Fprops,
howpublished = "\url{http://ascend4.org/FPROPS}"}

@Book{ascend,
  author =   {Reid, Prausnitz, Polling},
  title =    {The Properties of Gases and Liquids},
  publisher =    {McGraw-Hill},
  year =   1987,
}
@misc{DIPPR,
howpublished  = "\url{http://www.aiche.org/dippr/about}"}

@misc{Simulis,
howpublished  = "\url{http://www.prosim.net/en/software-simulis-thermodynamics-mixture-properties-and-fluid-phase-equilibria-calculations-3.php}"}

@misc{Chemcad,
howpublished  = "\url{http://web.thu.edu.tw/g96310005/www/6_thermo.pdf}"}

@misc{Chemcad,
howpublished = "\url{http://spoken-tutorial.org/tutorial-search/?search_foss=DWSIM&search_language=English}"}

@misc{ST1,
howpublished = "\url{http://spoken-tutorial.org/tutorial-search/?search_foss=DWSIM&search_language=English}"}

@misc{ST2,
howpublished = "\url{http://spoken-tutorial.org/tutorial-search/?search_foss=OpenModelica&search_language=English}"}

@article{Sidebyside,
  title={Campaign for IT literacy through FOSS and Spoken Tutorials},
  author={Moudgalya, Kannan M},
  year={2014}
}

@Book{ingham,
  author =   {John Ingham},
  title =    {Chemical Engineering Dynamics Modelling With PC Simulation.},
  publisher =    {VCH Publishers},
  year =   1992,
  pages= {505-508}
}